@book{Stru1899a,
		Author = {William Strunk and E. B. White},
		Title = {The Elements of Style},
		Edition = {4th},
		ISBN = {0-205-30902-X},
		Keywords = {},
		Publisher = {Longman Publishers},
		Year = {1899}}